@article{MTCNN,
  title={Joint Face Detection and Alignment Using Multitask Cascaded Convolutional Networks},
  author={Zhang, Kaipeng and Zhang, Zhanpeng and Li, Zhifeng and Qiao, Yu},
  journal={IEEE Signal Processing Letters},
  volume={23},
  number={10},
  pages={1499-1503},
  year={2016},
}
@article{Kaya2017Video,
  title={Video-Based Emotion Recognition in the Wild using Deep Transfer Learning and Score Fusion *},
  author={Kaya, Heysem and G¨¹rp?nar, Furkan and Salah, Albert Ali},
  journal={Image and Vision Computing},
  year={2017},
}
@inproceedings{Chen2014Joint,
  title={Joint Cascade Face Detection and Alignment},
  author={Chen, Dong and Ren, Shaoqing and Wei, Yichen and Cao, Xudong and Sun, Jian},
  booktitle={European Conference on Computer Vision},
  pages={109-122},
  year={2014},
}
@inproceedings{Ramanan2012Face,
  title={Face detection, pose estimation, and landmark localization in the wild},
  author={Ramanan, D. and Zhu, Xiangxin},
  booktitle={IEEE Conference on Computer Vision and Pattern Recognition},
  pages={2879-2886},
  year={2012},
}
@inproceedings{Ng2015Deep,
  title={Deep Learning for Emotion Recognition on Small Datasets using Transfer Learning},
  author={Ng, Hong Wei and Nguyen, Viet Dung and Vonikakis, Vassilios and Winkler, Stefan},
  booktitle={ACM on International Conference on Multimodal Interaction},
  pages={443-449},
  year={2015},
}
@inproceedings{Razavian2014CNN,
  title={CNN Features Off-the-Shelf: An Astounding Baseline for Recognition},
  author={Razavian, Ali Sharif and Azizpour, Hossein and Sullivan, Josephine and Carlsson, Stefan},
  booktitle={Computer Vision and Pattern Recognition Workshops},
  pages={512-519},
  year={2014},
}
@article{Kim2016Hierarchical,
  title={Hierarchical committee of deep convolutional neural networks for robust facial expression recognition},
  author={Kim, Bo Kyeong and Roh, Jihyeon and Dong, Suh Yeon and Lee, Soo Young},
  journal={Journal on Multimodal User Interfaces},
  volume={10},
  number={2},
  pages={173-189},
  year={2016},
}
@article{VGGFace,
  title={Deep Face Recognition},
  author={OM Parkhi, A Vedaldi, A Zisserman},
  journal={British Machine Vision Conference},
  year={2015},
}
@MISC{Goodfeli-et-al-2013,
       author = {Goodfellow, Ian and Erhan, Dumitru and Carrier, Pierre-Luc and Courville, Aaron and Mirza, Mehdi and Hamner, Ben and Cukierski, Will and Tang, Yichuan and Thaler, David and Lee, Dong-Hyun and Zhou, Yingbo and Ramaiah, Chetan and Feng, Fangxiang and Li, Ruifan and Wang, Xiaojie and Athanasakis, Dimitris and Shawe-Taylor, John and Milakov, Maxim and Park, John and Ionescu, Radu and Popescu, Marius and Grozea, Cristian and Bergstra, James and Xie, Jingjing and Romaszko, Lukasz and Xu, Bing and Chuang, Zhang and Bengio, Yoshua},
     keywords = {competition, dataset, representation learning},
        title = {Challenges in Representation Learning: A report on three machine learning contests},
         year = {2013},
  institution = {Unicer},
          url = {http://arxiv.org/abs/1307.0414},
}
@inproceedings{Dalal2005Histograms,
  title={Histograms of Oriented Gradients for Human Detection},
  author={Dalal, Navneet and Triggs, Bill},
  booktitle={IEEE Conference on Computer Vision and Pattern Recognition},
  pages={886-893},
  year={2005},
}
@article{Liu2016Video,
  title={Video modeling and learning on Riemannian manifold for emotion recognition in the wild},
  author={Liu, Mengyi and Wang, Ruiping and Li, Shaoxin and Huang, Zhiwu and Shan, Shiguang and Chen, Xilin},
  journal={Journal on Multimodal User Interfaces},
  volume={10},
  number={2},
  pages={113-124},
  year={2016},
}
@article{Jia2014Caffe,
  title={Caffe: Convolutional Architecture for Fast Feature Embedding},
  author={Jia and Yangqing and Shelhamer and Evan and Donahue and Jeff and Karayev and Sergey and Long and Jonathan},
  journal={Eprint Arxiv},
  pages={675-678},
  year={2014},
}
@book{Lowe2004Distinctive,
  title={Distinctive Image Features from Scale-Invariant Keypoints},
  author={Lowe, David G},
  publisher={Kluwer Academic Publishers},
  pages={91-110},
  year={2004},
}
@article{LBP2014,
  title={An eXtended Center-Symmetric Local Binary Pattern for Background Modeling and Subtraction in Videos },
  author={C Silva, T Bouwmans, C Frelicot},
  journal={Visapp},
  year={2015},
}
@article{visual1980,
  title={Two-Dimensional Spectral Analysis of Cortical Receptive Field Profile},
  author={JG Daugman},
  journal={Vision Research},
  year={1980},
}
@article{Xu2015Adaptive,
  title={Adaptive weighted fusion: A novel fusion approach for image classification},
  author={Xu, Yong and Lu, Yuwu},
  journal={Neurocomputing},
  volume={168},
  pages={566-574},
  year={2015},
}
@inproceedings{Kaya2015Contrasting,
  title={Contrasting and Combining Least Squares Based Learners for Emotion Recognition in the Wild},
  author={Kaya, Heysem and Rpinar, Furkan and Afshar, Sadaf and Salah, Albert Ali},
  booktitle={ACM on International Conference on Multimodal Interaction},
  pages={459-466},
  year={2015},
}
@inproceedings{Saeed2012Effective,
  title={Effective geometric features for human emotion recognition},
  author={Saeed, A and Al-Hamadi, A and Niese, R and Elzobi, M},
  booktitle={IEEE  International Conference on Signal Processing},
  pages={623-627},
  year={2012},
}
@inproceedings{Yao2015Capturing,
  title={Capturing AU-Aware Facial Features and Their Latent Relations for Emotion Recognition in the Wild},
  author={Yao, Anbang and Shao, Junchao and Ma, Ningning and Chen, Yurong},
  booktitle={ACM on International Conference on Multimodal Interaction},
  pages={451-458},
  year={2015},
}
@inproceedings{Bartlett2005Recognizing,
  title={Recognizing facial expression: machine learning and application to spontaneous behavior},
  author={Bartlett, M. S and Littlewort, Gwen and Frank, M and Lainscsek, C},
  booktitle={IEEE Computer Society Conference on Computer Vision and Pattern Recognition},
  pages={568-573},
  year={2005},
}
@inproceedings{Kahou2013Combining,
  title={Combining modality specific deep neural networks for emotion recognition in video},
  author={Kahou, Samira Ebrahimi and Pal, Christopher and Bouthillier, Xavier and Froumenty, Pierre and G¨¹l?ehre, ?aglar and Memisevic, Roland and Vincent, Pascal and Courville, Aaron and Bengio, Yoshua and Ferrari, Raul Chandias},
  booktitle={ACM on International Conference on Multimodal Interaction},
  pages={543-550},
  year={2013},
}
@inproceedings{Fan2016Video,
  title={Video-based emotion recognition using CNN-RNN and C3D hybrid networks},
  author={Fan, Yin and Lu, Xiangju and Li, Dian and Liu, Yuanliu},
  booktitle={ACM International Conference on Multimodal Interaction},
  pages={445-450},
  year={2016},
}
@inproceedings{Yao2016HoloNet,
  title={HoloNet: towards robust emotion recognition in the wild},
  author={Yao, Anbang and Cai, Dongqi and Hu, Ping and Wang, Shandong and Sha, Liang and Chen, Yurong},
  booktitle={ACM International Conference on Multimodal Interaction},
  pages={472-478},
  year={2016},
}
@inproceedings{Dhall2016EmotiW,
  title={EmotiW 2016: video and group-level emotion recognition challenges},
  author={Dhall, Abhinav and Goecke, Roland and Joshi, Jyoti and Hoey, Jesse and Gedeon, Tom},
  booktitle={ACM International Conference on Multimodal Interaction},
  pages={427-432},
  year={2016},
}
@article{Kahou2015Recurrent,
  title={Recurrent Neural Networks for Emotion Recognition in Video},
  author={Kahou, Samira Ebrahimi and Michalski, Vincent and Konda, Kishore and Memisevic, Roland and Pal, Christopher},
  volume={13},
  number={5},
  pages={467-474},
  year={2015},
}
@inproceedings{Lucey2010The,
  title={The Extended Cohn-Kanade Dataset (CK+): A complete dataset for action unit and emotion-specified expression},
  author={Lucey, Patrick and Cohn, Jeffrey F. and Kanade, Takeo and Saragih, Jason and Ambadar, Zara and Matthews, Iain},
  booktitle={Computer Vision and Pattern Recognition Workshops},
  pages={94-101},
  year={2010},
}
@article{Chen2007TFEID,
  title={Taiwanese Facial Expression Image Database},
  author={LiFen Chen, YuShiuan Yen},
  year={2007},
}
@article{Lyons2002Automatic,
  title={Automatic classification of single facial images},
  author={Lyons, M. J. and Budynek, J. and Akamatsu, S.},
  journal={IEEE Transactions on Pattern Analysis and Machine Intelligence},
  volume={21},
  number={12},
  pages={1357-1362},
  year={2002},
}
@article{Lundqvist1998The,
  title={The Karolinska directed emotional faces (KDEF)},
  author={Lundqvist, Daniel and Flykt, Anders and Ohman, Arne},
  year={1998},
}
@article{Wang2013Capturing,
  title={Capturing Complex Spatio-temporal Relations among Facial Muscles for Facial Expression Recognition},
  author={Wang, Ziheng and Wang, Shangfei and Ji, Qiang},
  volume={9},
  number={4},
  pages={3422-3429},
  year={2013},
}
@book{Liu2014Deeply,
  title={Deeply Learning Deformable Facial Action Parts Model for Dynamic Expression Analysis},
  author={Liu, Mengyi and Li, Shaoxin and Shan, Shiguang and Wang, Ruiping and Chen, Xilin},
  publisher={Springer International Publishing},
  pages={143-157},
  year={2014},
}